<?xml version="1.0" encoding="UTF-8"?><record xmlns="http://www.loc.gov/MARC21/slim" xmlns:cinclude="http://apache.org/cocoon/include/1.0" xmlns:zs="http://www.loc.gov/zing/srw/">
  <leader>00498cz  a2200133n  4500</leader>
  <controlfield tag="001">n 2011084037</controlfield>
  <controlfield tag="003">DLC</controlfield>
  <controlfield tag="005">20111207074923.0</controlfield>
  <controlfield tag="008">111206n| acannaabn          |n ana      </controlfield>
  <datafield tag="010" ind1=" " ind2=" ">
    <subfield code="a">n 2011084037</subfield>
  </datafield>
  <datafield tag="040" ind1=" " ind2=" ">
    <subfield code="a">DLC</subfield>
    <subfield code="b">eng</subfield>
    <subfield code="c">DLC</subfield>
  </datafield>
  <datafield tag="110" ind1="2" ind2=" ">
    <subfield code="a">Projektgruppe Brelohstrasse (Bochum, Germany)</subfield>
  </datafield>
  <datafield tag="670" ind1=" " ind2=" ">
    <subfield code="a">Hi ha ho -- die Bonzen komm'n ins Klo!, 1973:</subfield>
    <subfield code="b">t.p. (Projektgruppe Brelohstrasse) p. 15 (Brelohstrasse in Bochum)</subfield>
  </datafield>
  <datafield tag="670" ind1=" " ind2=" ">
    <subfield code="a">LC database, Dec. 6, 2011</subfield>
    <subfield code="b">(hdg.: Projektgruppe Brelohstrasse [from old catalog])</subfield>
  </datafield>
</record>